<?xml version="1.0" encoding="UTF-8"?><collection xmlns="http://www.loc.gov/MARC21/slim"><record><leader>00360nam--2200121-i-4500</leader><controlfield tag="001">000045266</controlfield><controlfield tag="002">20161230</controlfield><controlfield tag="005">20161230201044</controlfield><controlfield tag="008">060222s1000------------r-----000-0-eng-d</controlfield><datafield ind1=" " ind2=" " tag="080"><subfield code="a">669.622:669.054:621.74:621.785</subfield></datafield><datafield ind1=" " ind2=" " tag="245"><subfield code="a">Topirea, turnarea, purificarea si tratamente termice</subfield></datafield><datafield ind1=" " ind2=" " tag="260"><subfield code="a">Bucuresti, Institutul De Documentare Tehnic[, 1967, 8 P</subfield></datafield><datafield ind1=" " ind2=" " tag="852"><subfield code="a">D.1210</subfield></datafield></record></collection>